<?xml version="1.0" encoding="UTF-8"?><collection><record><leader>08112ntm a2200769 a 4500</leader><controlfield tag="001">005231682</controlfield><controlfield tag="003">MiAaHDL</controlfield><controlfield tag="005">20190719000000.0</controlfield><controlfield tag="006">m        d        </controlfield><controlfield tag="007">cr bn ---auaua</controlfield><controlfield tag="008">060607s18uu    |||           000 0 ara  </controlfield><datafield tag="035" ind1=" " ind2=" "><subfield code="a">(MiU)005231682</subfield></datafield><datafield tag="035" ind1=" " ind2=" "><subfield code="a">sdr-miu005231682</subfield></datafield><datafield tag="035" ind1=" " ind2=" "><subfield code="a">(OCoLC)122923654</subfield></datafield><datafield tag="035" ind1=" " ind2=" "><subfield code="a">(RLIN)MIUG06-B2439</subfield></datafield><datafield tag="040" ind1=" " ind2=" "><subfield code="a">MiU</subfield><subfield code="c">MiU</subfield><subfield code="e">amremm</subfield></datafield><datafield tag="041" ind1="1" ind2=" "><subfield code="a">ara</subfield><subfield code="h">san</subfield></datafield><datafield tag="043" ind1=" " ind2=" "><subfield code="a">n-us-mi</subfield></datafield><datafield tag="100" ind1="0" ind2=" "><subfield code="6">880-01</subfield><subfield code="a">Ibn al-ʻArabī,</subfield><subfield code="d">1165-1240.</subfield></datafield><datafield tag="245" ind1="1" ind2="3"><subfield code="6">880-02</subfield><subfield code="a">[al-Muwāzanah maʻa Ḥawḍ al-ḥayāh,</subfield><subfield code="f">19th century?].</subfield></datafield><datafield tag="246" ind1="3" ind2="0"><subfield code="i">Title from inscription on cover:</subfield><subfield code="a">حوض الحيات</subfield></datafield><datafield tag="246" ind1="3" ind2="0"><subfield code="6">880-04</subfield><subfield code="i">Title from inscription on 'title page' (p.1):</subfield><subfield code="a">Ḥawḍ al-ḥayāt</subfield></datafield><datafield tag="246" ind1="3" ind2="0"><subfield code="6">880-03</subfield><subfield code="i">Title from inscription on 'title page' (p.1):</subfield><subfield code="a">Ḥawḍ al-ḥayawāt</subfield></datafield><datafield tag="260" ind1=" " ind2=" "><subfield code="c">[18--?]</subfield></datafield><datafield tag="300" ind1=" " ind2=" "><subfield code="a">41 leaves :</subfield><subfield code="b">paper ;</subfield><subfield code="c">187 x 120 (135 x 80) mm. bound to 187 x 123 mm.</subfield></datafield><datafield tag="500" ind1=" " ind2=" "><subfield code="a">Shelfmark: Ann Arbor, University of Michigan, Special Collections Library, Isl. Ms. 612</subfield></datafield><datafield tag="500" ind1=" " ind2=" "><subfield code="a">Origin: As appears in colophon beginning on p.[82], copied by Ibn Maḥmūd al-Rashshāsh al-Rifāʻī. Final folio with complete date of transcription lacking. Paper and hand suggest 19th century. Possible date in inscription on cover (1893) and date in statement on 'title page' (p.1) (1308 [1890]) provide approximate termnius ante quem of 1893.</subfield></datafield><datafield tag="500" ind1=" " ind2=" "><subfield code="a">Accompanying materials: Acquisitions slip from Yahuda.</subfield></datafield><datafield tag="500" ind1=" " ind2=" "><subfield code="a">Former shelfmark: From inscription on inner front cover and label on lower cover, "IL 106" (likely supplied by Yahuda, see acquisitions slip).</subfield></datafield><datafield tag="500" ind1=" " ind2=" "><subfield code="a">Binding: Pasteboards covered in shell marbled paper (best seen on envelope flap) with red leather on spine and fore edge flap ; Type II binding (with flap) ; board linings of European wove paper ; paper label with title inscription and possible date or shelfmark "حوض الحيات صاحب ۱۸۹۳" on upper cover ; sewn in cream thread, two stations ; worked chevron endbands in cream and purple ; in somewhat poor condition with loss of marbled paper, lifting of leather and paper, delaminating of boards, much staining, abrasion and moisture damage ; housed in envelope.</subfield></datafield><datafield tag="500" ind1=" " ind2=" "><subfield code="a">Support: European wove paper (likely 19th century) with embossed mark (or "imitation watermark") with "اثر جديد عهد همايون" inside tabula ansata (30 x 15 mm.) appearing at various places throughout (even upper board lining, see p.18, 34, 72, etc.) ; some blocking due to tacky ink has lifted ink of text in some places.</subfield></datafield><datafield tag="500" ind1=" " ind2=" "><subfield code="a">Decoration: Text rubricated with section headings, keywords, symbols, etc. in red.</subfield></datafield><datafield tag="500" ind1=" " ind2=" "><subfield code="a">Script: Naskh ; clear, neat 'Syrian' hand in a medium to bold line ; mainly sans serif though occasional serifs on lām of definite article and alif of lām alif ligature, mainly open counters, the lām alif al-mukhaffafah preferred, kāf mashkūlah preferred (even for final kāf), very slight effect of slant to the left, pointing (for two and three dots) in strokes rather than distinct dots, final yāʼ often unpointed.</subfield></datafield><datafield tag="500" ind1=" " ind2=" "><subfield code="a">Layout: Written in 15 lines per page ; frame-ruled.</subfield></datafield><datafield tag="500" ind1=" " ind2=" "><subfield code="a">Collation: 3 V(30), VI-1 (41) ; chiefly quinions ; catchwords present ; pagination in pencil, Hindu-Arabic numerals, center of the upper margin ; one run beginning from incipit page of first work, second beginning with incipit page of second work ; pagination in pencil, Western numerals, supplied during digitization (mistakenly skips two pages between what are marked p.65-66, hence final pagination is off by two).</subfield></datafield><datafield tag="500" ind1=" " ind2=" "><subfield code="a">Colophon: "Scribal," rectangular, reads: "قد تم كتابة هذا الكتاب على يد الفقير الى الله خادم ... الفقرا والمساكين ابن محمود الرشاش الرفاعي يس [?] كان الله له عائنا ومعين ... وكان الفراغ من كتابته في يوم الثلاثة..."</subfield></datafield><datafield tag="500" ind1=" " ind2=" "><subfield code="a">Explicit: "قال فلما اطلعت راسي في هذا الشباك وجدت وزير سيدي الى هو انا والوزير عكسي ... ثم قال الواحد في الواحد واحد ووجد نفسي هي هي وانا عكسه والسلام والله الموفق وصلى الله على سيدنا محمد وعلى اله وصحبه اجمعين والحمد لله رب العالمين واله الطاهرين امين"</subfield></datafield><datafield tag="500" ind1=" " ind2=" "><subfield code="a">Incipit: "[al-Muwāzanah] الحمد لله كاشف لطائف الاسرار لدار باب الهمم والابصار بما منح من معارف الانوار... [Ḥawḍ al-ḥayāt] و صلى الله علي سيدنا محمد وعلى اله وصحبه اجمعين الحمد لله رب العالمين المنزه عن ذات الانداد ذاته المقدس عن صفات الاضداد صفاته وصلاته وسلامه علىسيدنا محمد واله وصحبه وسلم تسليما اما بعد فان في بلاد الهند كتابا معتبرا معروفا عند حكمائها علمائها يسمي حوض الحياة..."</subfield></datafield><datafield tag="500" ind1=" " ind2=" "><subfield code="a">Title supplied by cataloguer from close of opening work and headin for second work on p.34.</subfield></datafield><datafield tag="500" ind1=" " ind2=" "><subfield code="a">Ms. codex.</subfield></datafield><datafield tag="505" ind1="0" ind2=" "><subfield code="a">2. p.34-p.[82] : Ḥawḍ al-ḥayāt / [Rukn al-Dīn al-ʻAmīdī].</subfield></datafield><datafield tag="505" ind1="0" ind2=" "><subfield code="a">1. p.1-p.34 : al-Muwāzanah / [Ibn ʻArabī].</subfield></datafield><datafield tag="510" ind1="4" ind2=" "><subfield code="a">Carl W. Ernst, "The Islamization of Yoga in the Amrtakunda Translations." Journal of the Royal Asiatic Society, Series 3, 13:2 (2003), pp. 199-226.</subfield></datafield><datafield tag="510" ind1="4" ind2=" "><subfield code="a">Brannon M. Wheeler, "al-ʻAmīdī, Rukn al-Dīn." In EI3.</subfield></datafield><datafield tag="510" ind1="4" ind2=" "><subfield code="a">Brockelmann, C. GAL,</subfield><subfield code="c">I, 440 ; SII, 786</subfield></datafield><datafield tag="510" ind1="4" ind2=" "><subfield code="a">Brockelmann, C. GAL,</subfield><subfield code="c">I, 444 ; SI 796 no.37</subfield></datafield><datafield tag="520" ind1="8" ind2=" "><subfield code="a">Clear copy of al-Muwāzanah attributed to Ibn ʻArabī followed by Ḥawḍ al-ḥayāt, the Arabic translation of the Amrtakunda, a Hatha yoga text. Ḥawḍ al-ḥayāt, also known by the title Mirʼāt al-maʻānī fī idrāk al-ʻālam al-insānī, and the Persian translation of the Amrtakunda are often attributed to Rukn al-Dīn Abū Ḥāmid Muḥammad ibn Muḥammad al-ʻAmīdī al-Samarqandī. Ḥawḍ al-ḥayāt has been mistakenly attributed to Ibn ʻArabī in numerous manuscripts located in Istanbul. For a detailed discussion of this text, its different versions, and possible authorship see C. Ernst, "The Islamization of Yoga in the Amrtakunda Translations".</subfield></datafield><datafield tag="538" ind1=" " ind2=" "><subfield code="a">Mode of access: Internet.</subfield></datafield><datafield tag="541" ind1=" " ind2=" "><subfield code="a">Acquired in 1926 from the bookseller Isaac Benjamin S.E. Yahuda via purchase transacted on his behalf by Abraham Shalom Yahuda (1877-1951), his younger brother.</subfield></datafield><datafield tag="546" ind1=" " ind2=" "><subfield code="a">Arabic.</subfield></datafield><datafield tag="561" ind1=" " ind2=" "><subfield code="a">Circular seal impression in black ink on 'title page' (p.1) "... لطفى" ; another statement on 'title page' (p.1) dated 1308 [1890] ; clean copy with virtually no marginal corrections.</subfield></datafield><datafield tag="581" ind1=" " ind2=" "><subfield code="a">The treatise is published as "Ḥauḍ al-Ḥayāt: La version Arabe de l'amratkunde" by Yusuf Husain Khan (1928), on the basis of several earlier manuscripts. (D.Hughes).</subfield></datafield><datafield tag="650" ind1=" " ind2="0"><subfield code="a">Manuscripts, Arabic</subfield><subfield code="z">Michigan</subfield><subfield code="z">Ann Arbor.</subfield></datafield><datafield tag="650" ind1=" " ind2="0"><subfield code="a">Hatha yoga</subfield><subfield code="v">Early works to 1800.</subfield></datafield><datafield tag="650" ind1=" " ind2="0"><subfield code="a">Sufism</subfield><subfield code="v">Early works to 1800.</subfield></datafield><datafield tag="700" ind1="0" ind2=" "><subfield code="6">880-06</subfield><subfield code="a">Ibn Maḥmūd al-Rashshāsh al-Rifāʻī,</subfield><subfield code="e">scribe.</subfield></datafield><datafield tag="700" ind1="1" ind2="2"><subfield code="6">880-05</subfield><subfield code="a">ʻAmīdī, Rukn al-Dīn,</subfield><subfield code="d">d. 1218.</subfield><subfield code="t">Ḥawḍ al-ḥayāt.</subfield></datafield><datafield tag="730" ind1="1" ind2="2"><subfield code="a">Amṛtakuṇḍa.</subfield><subfield code="l">Arabic.</subfield></datafield><datafield tag="740" ind1="1" ind2="2"><subfield code="6">880-07</subfield><subfield code="a">Mirʼāt al-maʻānī fī idrāk al-ʻālam al-insānī</subfield></datafield><datafield tag="773" ind1="0" ind2=" "><subfield code="a">Yahuda Collection.</subfield></datafield><datafield tag="880" ind1="1" ind2="2"><subfield code="6">740-07/</subfield><subfield code="a">مرآة المعاني في ادراك العالم الانساني</subfield></datafield><datafield tag="880" ind1="0" ind2=" "><subfield code="6">700-06/</subfield><subfield code="a">ابن محمود الرشاش الرفاعي,</subfield><subfield code="e">ناسخ.</subfield></datafield><datafield tag="880" ind1="1" ind2="2"><subfield code="6">700-05/</subfield><subfield code="a">عميدي, ركن الدين.</subfield><subfield code="t">حوض الحيات.</subfield></datafield><datafield tag="880" ind1="3" ind2="0"><subfield code="6">246-04/</subfield><subfield code="a">حوض الحيات</subfield></datafield><datafield tag="880" ind1="3" ind2="0"><subfield code="6">246-03/</subfield><subfield code="a">حوض الحيوات</subfield></datafield><datafield tag="880" ind1="1" ind2="2"><subfield code="6">245-02/</subfield><subfield code="a">[الموازنة مع حوض الحياة,</subfield><subfield code="f">القرن19؟].</subfield></datafield><datafield tag="880" ind1="0" ind2=" "><subfield code="6">100-01/</subfield><subfield code="a">ابن العربي.</subfield></datafield><datafield tag="CID" ind1=" " ind2=" "><subfield code="a">005231682</subfield></datafield><datafield tag="DAT" ind1="0" ind2=" "><subfield code="a">20190719102633.0</subfield><subfield code="b">20190719000000.0</subfield></datafield><datafield tag="DAT" ind1="1" ind2=" "><subfield code="a">20190719090653.0</subfield><subfield code="b">2019-07-19T16:10:50Z</subfield></datafield><datafield tag="DAT" ind1="2" ind2=" "><subfield code="a">2015-10-10T18:00:06Z</subfield></datafield><datafield tag="CAT" ind1=" " ind2=" "><subfield code="a">SDR-MIU</subfield><subfield code="d">EX LIBRIS - ALEPH</subfield><subfield code="l">prepare.pl-004-008</subfield></datafield><datafield tag="FMT" ind1=" " ind2=" "><subfield code="a">BK</subfield></datafield><datafield tag="HOL" ind1=" " ind2=" "><subfield code="0">sdr-miu005231682</subfield><subfield code="a">MiU</subfield><subfield code="b">SDR</subfield><subfield code="c">MIU</subfield><subfield code="p">mdp.39015079127471</subfield><subfield code="s">MIU</subfield><subfield code="1">005231682</subfield></datafield><datafield tag="974" ind1=" " ind2=" "><subfield code="b">MIU</subfield><subfield code="c">MIU</subfield><subfield code="d">20190719</subfield><subfield code="s">lit-dlps-dc</subfield><subfield code="u">mdp.39015079127471</subfield><subfield code="y">1899</subfield><subfield code="r">pd</subfield><subfield code="q">exp</subfield></datafield></record></collection>